@misc{Othello,
  author = {Marcin Maj},
  title = {Reversi i othello to dwie różne gry. Poznajcie ich różne zasady},
  year = 2018,
  howpublished = {\url{https://bonaludo.com/2016/01/29/reversi-i-othello-to-dwie-rozne-gry-poznajcie-ich-zasady/}}
}

@article{review,
author = {Browne, Cameron and Powley, Edward and Whitehouse, Daniel and Lucas, Simon and Cowling, Peter and Rohlfshagen, Philipp and Tavener, Stephen and Perez Liebana, Diego and Samothrakis, Spyridon and Colton, Simon},
year = {2012},
month = {03},
pages = {1-43},
title = {A Survey of Monte Carlo Tree Search Methods},
volume = {4:1},
journal = {IEEE Transactions on Computational Intelligence and AI in Games},
doi = {10.1109/TCIAIG.2012.2186810}
}

@INPROCEEDINGS{transposition,
  author={Childs, Benjamin E. and Brodeur, James H. and Kocsis, Levente},
  booktitle={2008 IEEE Symposium On Computational Intelligence and Games}, 
  title={Transpositions and move groups in Monte Carlo tree search}, 
  year={2008},
  volume={},
  number={},
  pages={389-395},
  doi={10.1109/CIG.2008.5035667}}